@inproceedings{kulfan_cst,
	title={{Fundamental parametric geometry representations for aircraft component shapes}},
	author={Kulfan, Brenda M and Bussoletti, John E},
	booktitle={{11th AIAA/ISSMO multidisciplinary analysis and optimization conference}},
	pages={1--42},
	year={2006},
	organization={sn}
}

@book{shewchuk_delaunay_notes,
	title={{Lecture notes on Delaunay mesh generation}},
	author={Shewchuk, Jonathan Richard},
	year={1999},
	publisher={Department of Electrical Engineering and Computer Science, University of California at Berkeley}
}

@article{bowyer_algorithm,
	title={{Computing dirichlet tessellations}},
	author={Bowyer, Adrian},
	journal={The Computer Journal},
	volume={24},
	number={2},
	pages={162--166},
	year={1981},
	publisher={Br Computer Soc}
}

@article{watson_algorithm,
	title={{Computing the n-dimensional Delaunay tessellation with application to Voronoi polytopes}},
	author={Watson, David F},
	journal={The computer journal},
	volume={24},
	number={2},
	pages={167--172},
	year={1981},
	publisher={Br Computer Soc}
}

@article{guibas_walking,
	title={Primitives for the manipulation of general subdivisions and the computation of Voronoi},
	author={Guibas, Leonidas and Stolfi, Jorge},
	journal={ACM transactions on graphics (TOG)},
	volume={4},
	number={2},
	pages={74--123},
	year={1985},
	publisher={ACM}
}

@article{mclain_gift,
	title={Two dimensional interpolation from random data},
	author={McLain, Dermot H},
	journal={The Computer Journal},
	volume={19},
	number={2},
	pages={178--181},
	year={1976},
	publisher={Br Computer Soc}
}

@incollection{lawson_flip,
	address = {New York},
	author = {Lawson, C. L.},
	editor = {Rice, J. R.},
	pages = {161--194},
	publisher = {Academic Press},
	title = {Software for {C}\textsuperscript{1} surface interpolation},
	booktitle = {Mathematical Software III},
	year = {1977}
}

@inproceedings{ruppert_algorithm,
	title={{A new and simple algorithm for quality 2-dimensional mesh generation}},
	author={Ruppert, Jim},
	booktitle={{SODA}},
	volume={93},
	pages={83--92},
	year={1993}
}

@inproceedings{chew_algorithm,
	title={{Guaranteed-quality mesh generation for curved surfaces}},
	author={Chew, L Paul},
	booktitle={{Proceedings of the ninth annual symposium on Computational geometry}},
	pages={274--280},
	year={1993},
	organization={ACM}
}

@techreport{shewchuk_lenses,
	title={{Delaunay refinement mesh generation}},
	author={Shewchuk, Jonathan R},
	year={1997},
	institution={DTIC Document}
}

@article{ollivier_boivin_ls,
	title={{Guaranteed-quality simplical mesh generation with cell size and grading control}},
	author={Ollivier-Gooch, Carl and Boivin, Charles},
	journal={Engineering with Computers},
	volume={17},
	number={3},
	pages={269--286},
	year={2001},
	publisher={Springer}
}

@article{ollivier_boivin_curves,
	title={{Guaranteed-quality triangular mesh generation for domains with curved boundaries}},
	author={Boivin, Charles and Ollivier-Gooch, Carl},
	journal={International Journal for Numerical Methods in Engineering},
	volume={55},
	number={10},
	pages={1185--1213},
	year={2002},
	publisher={Wiley Online Library}
}

@article{gosselin_ls,
	title={{Delaunay refinement mesh generation of curve-bounded domains}},
	author={Gosselin, Serge},
	year={2009},
	publisher={University of British Columbia}
}

@article{batina_tension,
	title={{Unsteady Euler airfoil solutions using unstructured dynamic meshes}},
	author={Batina, John T},
	journal={AIAA journal},
	volume={28},
	number={8},
	pages={1381--1388},
	year={1990}
}

@article{farhat_torsional,
	title={{Torsional springs for two-dimensional dynamic unstructured fluid meshes}},
	author={Farhat, Ch and Degand, C and Koobus, B and Lesoinne, M},
	journal={Computer methods in applied mechanics and engineering},
	volume={163},
	number={1},
	pages={231--245},
	year={1998},
	publisher={Elsevier}
}

@inproceedings{hansen_cmaes,
	title={{Adapting arbitrary normal mutation distributions in evolution strategies: The covariance matrix adaptation}},
	author={Hansen, Nikolaus and Ostermeier, Andreas},
	booktitle={{Evolutionary Computation, 1996., Proceedings of IEEE International Conference on}},
	pages={312--317},
	year={1996},
	organization={IEEE}
}

@article{nejat,
	title={{A high-order accurate unstructured finite volume Newton--Krylov algorithm for inviscid compressible flows}},
	author={Nejat, Amir and Ollivier-Gooch, Carl},
	journal={Journal of Computational Physics},
	volume={227},
	number={4},
	pages={2582--2609},
	year={2008},
	publisher={Elsevier}
}

@article{michalak1,
	title={{Accuracy preserving limiter for the high-order accurate solution of the Euler equations}},
	author={{Michalak, Christopher and Ollivier-Gooch, Carl}},
	journal={Journal of Computational Physics},
	volume={228},
	number={23},
	pages={8693--8711},
	year={2009},
	publisher={Elsevier}
}

@article{michalak2,
	title={{Globalized matrix-explicit Newton-GMRES for the high-order accurate solution of the Euler equations}},
	author={Michalak, Christopher and Ollivier-Gooch, Carl},
	journal={Computers \& Fluids},
	volume={39},
	number={7},
	pages={1156--1167},
	year={2010},
	publisher={Elsevier}
}

@article{gondzio,
title={{Stable algorithm for updating dense LU factorization after row or column exchange and row and column addition or deletion}},
author={Gondzio, J},
journal={Optimization},
volume={23},
number={1},
pages={7--26},
year={1992},
publisher={Taylor \& Francis}
}

@article{gill,
title={{Maintaining LU factors of a general sparse matrix}},
author={Gill, Philip E and Murray, Walter and Saunders, Michael A and Wright, Matgaret H},
journal={Linear Algebra and its Applications},
volume={88},
pages={239--270},
year={1987},
publisher={Elsevier}
}

@misc{airfoils,
	title={{UIUC Airfoil Coordinates Database}},
	author={{UIUC Applied Aerodynamics Group}},
	howpublished={\url{http://m-selig.ae.illinois.edu/ads/coord_database.html}}
}

@mastherthesis{martins_thesis,
	title={{Quality-Mesh Generation and	Reconstruction for Engineering Design Optimisation}},
	author={Martins, Gustavo A},
	school={University of Coimbra},
	year={2015}
}